@article{topology-robot-arm,
  title = {Topology and the Robot Arm},
  author = {Daniel H. Gottlieb},
  journal = {Acta Applicandae Mathematicae},
  volume = {11},
  year = {1988},
  pages = {117--121},
}

@unpublished{topology-fiber-bundles,
  title = {The Topology of Fiber Bundles},
  author = {Ralph L. Cohen},
  note = {Lecture Notes for Department of Mathematics, Stanford University},
  year = {1998},
}

@article{robots-fiber-bundles,
  title = {Robots and Fiber Bundles},
  author = {Daniel H. Gottlieb},
  journal = {Bulletin de la Soci\'{e}t\'{e} Math\'{e}matique de Belgique},
  volume = {38},
  year = {1986},
  pages = {219--223},
}

@conference{program-kin-red-manips,
  title = {Programming of Kinematically Redundant Manipulators},
  author = {John Baillieul and John Hollerbach and Roger Brockett},
  booktitle = {Proceedings of the 23rd Conference on Decision and Control},
  month = {December},
  year = {1984},
  pages = {768--774},
  address = {Las Vegas, NV, USA},
}
